@article{park2015using,
  title={Using machine learning algorithms for housing price prediction: The case of Fairfax County, Virginia housing data},
  author={Park, Byeonghwa and Bae, Jae Kwon},
  journal={Expert Systems with Applications},
  volume={42},
  number={6},
  pages={2928--2934},
  year={2015},
  publisher={Elsevier}
}
@article{cortes1995support,
  title={Support-vector networks},
  author={Cortes, Corinna and Vapnik, Vladimir},
  journal={Machine learning},
  volume={20},
  number={3},
  pages={273--297},
  year={1995},
  publisher={Springer}
}
@article{bin2004prediction,
  title={A prediction comparison of housing sales prices by parametric versus semi-parametric regressions},
  author={Bin, Okmyung},
  journal={Journal of Housing Economics},
  volume={13},
  number={1},
  pages={68--84},
  year={2004},
  publisher={Elsevier}
}
@article{chen2017forecasting,
  title={Forecasting spatial dynamics of the housing market using Support Vector Machine},
  author={Chen, Jieh-Haur and Ong, Chuan Fan and Zheng, Linzi and Hsu, Shu-Chien},
  journal={International Journal of Strategic Property Management},
  volume={21},
  number={3},
  pages={273--283},
  year={2017},
  publisher={Taylor \& Francis}
}
%1998Puede no servir por la edición del año
@article{dubin1998predicting,
  title={Predicting house prices using multiple listings data},
  author={Dubin, Robin A},
  journal={The Journal of Real Estate Finance and Economics},
  volume={17},
  number={1},
  pages={35--59},
  year={1998},
  publisher={Springer}
}
@article{gu2011housing,
  title={Housing price forecasting based on genetic algorithm and support vector machine},
  author={Gu, Jirong and Zhu, Mingcang and Jiang, Liuguangyan},
  journal={Expert Systems with Applications},
  volume={38},
  number={4},
  pages={3383--3386},
  year={2011},
  publisher={Elsevier}
}
@article{huang2006extreme,
  title={Extreme learning machine: theory and applications},
  author={Huang, Guang-Bin and Zhu, Qin-Yu and Siew, Chee-Kheong},
  journal={Neurocomputing},
  volume={70},
  number={1-3},
  pages={489--501},
  year={2006},
  publisher={Elsevier}
}
@book{witten2016data,
  title={Data Mining: Practical machine learning tools and techniques},
  author={Witten, Ian H and Frank, Eibe and Hall, Mark A and Pal, Christopher J},
  year={2016},
  publisher={Morgan Kaufmann}
}
@article{pedregosa2011scikit,
  title={Scikit-learn: Machine learning in Python},
  author={Pedregosa, Fabian and Varoquaux, Ga{\"e}l and Gramfort, Alexandre and Michel, Vincent and Thirion, Bertrand and Grisel, 
Olivier and Blondel, Mathieu and Prettenhofer, Peter and Weiss, Ron and Dubourg, Vincent and others},
  journal={Journal of machine learning research},
  volume={12},
  number={Oct},
  pages={2825--2830},
  year={2011}
}
@misc{robert2014machine,
  title={Machine learning, a probabilistic perspective},
  author={Robert, Christian},
  year={2014},
  publisher={Taylor \& Francis}
}
@article{shim2014semiparametric,
  title={Semiparametric spatial effects kernel minimum squared error model for predicting housing sales prices},
  author={Shim, Jooyong and Bin, Okmyung and Hwang, Changha},
  journal={Neurocomputing},
  volume={124},
  pages={81--88},
  year={2014},
  publisher={Elsevier}
}
@ELECTRONIC{url,
  author = {{Properaty}},
  year = {22 de {A}bril de 2018},
  title = {\texttt{https://www.properati.com.mx/data}}
}
